% Encoding: UTF-8
@online{biblatex,
  title = {Biblatex â€“ Sophisticated Bibliographies in LaTeX},
  publisher = {Dansk Standard},
  year = {2018},
  author = {Philipp Lehman AND Joseph Wright AND Audrey Boruvka AND Philip Kime},
  url = {https://www.ctan.org/pkg/biblatex}
}

@Book{Ristic2004,
  author    = {Ristic, Branko},
  title     = {Beyond the Kalman filter : particle filters for tracking applications},
  isbn      = {158053631x},
  publisher = {Artech House},
  address   = {Boston, MA},
  year      = {2004},
}

@Article{Malys2015,
  author    = {Stephen Malys and John H. Seago and Nikolaos K. Pavlis and P. Kenneth Seidelmann and George H. Kaplan},
  title     = {Why the Greenwich meridian moved},
  doi       = {10.1007/s00190-015-0844-y},
  number    = {12},
  pages     = {1263--1272},
  volume    = {89},
  journal   = {Journal of Geodesy},
  month     = {aug},
  publisher = {Springer Science and Business Media {LLC}},
  year      = {2015},
}

@Misc{WikipediaENUFig,
  author       = {{Wikipedia contributors}},
  title        = {Local tangent plane coordinates --- {Wikipedia}{,} The Free Encyclopedia},
  howpublished = {\url{https://en.wikipedia.org/w/index.php?title=Local_tangent_plane_coordinates&oldid=943725628}},
  note         = {[Online; accessed 14-May-2020]},
  year         = {2020},
}

@Article{Perez2007,
  author    = {Tristan Perez and Thor Inge Fossen},
  title     = {Kinematic Models for Manoeuvring and Seakeeping of Marine Vessels},
  doi       = {10.4173/mic.2007.1.3},
  number    = {1},
  pages     = {19--30},
  volume    = {28},
  journal   = {Modeling, Identification and Control: A Norwegian Research Bulletin},
  publisher = {Norwegian Society of Automatic Control},
  year      = {2007},
}

@Comment{jabref-meta: databaseType:biblatex;}
